@book{Carrera,
	author = "Walter G. Carrera and Ron S. Goodman and Ronald M. Majewski",
	title = "Spotlight Synthetic Aperture Radar",
	year = "1995",
	publisher = "Artech House, Inc.",
	location = "Norwood, MA"
}